4076 5358
842 451 1070 614 [23]

396 657 501 749 Hoc
527 651 883 746 Monumentum
913 683 939 743 e
963 651 1123 743 Graeco
1160 650 1390 746 Marmore
1429 644 1585 746 candi*

327 787 406 910 do,
445 799 489 886 δι
511 788 608 884 latis
631 784 818 914 Bracteis
852 781 1144 902 interlucente
1181 783 1382 884 constans
1413 781 1586 918 limpli-

328 930 390 1022 cis
424 924 543 1021 Sellae
576 924 767 1056 speciem
801 917 966 1016 habet:
1005 929 1203 1056 cumque
1232 923 1324 1020 alto
1344 921 1505 1040 Dors0,
1543 928 1588 1015 bc

327 1063 558 1158 Lateribus
589 1064 638 1156 in
672 1055 963 1156 Brachiorum
989 1057 1283 1158 sustentacula
1318 1055 1497 1158 modice
1526 1055 1597 1186 as·¹

327 1198 605 1330 surgentibus
634 1194 889 1314 instruatur,
936 1219 1136 1293 veterum
1167 1202 1347 1322 ‘Opo'uac
1375 1205 1591 1300 carmaniae

327 1335 398 1432 vel
434 1344 614 1456 Κλισμεές
649 1329 814 1430 Formi
846 1331 1188 1465 quodammodo
1220 1331 1368 1454 refert,
1405 1335 1454 1430 in
1490 1333 1590 1465 qui·
1673 1406 1678 1414 .

326 1471 408 1568 bus
422 1469 639 1568 stromatis
663 1467 928 1602 plerumque
950 1473 1129 1592 ornatis,
1166 1474 1461 1590 convivantes,
1501 1473 1590 1598 (in-

327 1643 483 1740 genuae
500 1603 746 1705 bnimirirm
764 1608 931 1733 sortis),
968 1605 1281 1738 antiquiffimis
1315 1609 1592 1741 temporibus
1634 1605 1637 1610 “

328 1743 483 1844 sediffe
510 1781 566 1842 ex
605 1749 836 1840 Homero⁶
873 1767 1006 1874 patet.
1077 1751 1136 1840 Et
1177 1741 1421 1844 fieaeteras
1460 1741 1593 1877 hujus

327 1879 449 1979 Sellae
477 1879 726 2015 Qralitates
752 1880 1092 2012 perpendamus,
1139 1880 1263 2012 qubd
1295 1881 1460 1979 scilicet
1487 1880 1591 1977 nul-

329 2019 382 2115 lis
405 2020 453 2112 in
476 2015 636 2133 Dorso,
672 2015 917 2133 Lateribus,
953 2017 1023 2116 vel
1058 2013 1156 2113 Basr
1189 2017 1435 2114 Interstitiis
1459 2051 1591 2114 exca-

329 2178 472 2272 vetur,
521 2147 739 2281 uniusque
772 2146 952 2246 tantum
985 2154 1196 2282 Corporis
1227 2154 1489 2250 continendi
1520 2187 1592 2249 ca·

329 2325 419 2424 pax
449 2285 517 2408 fit,
563 2289 871 2385 Servianum*
905 2285 1010 2382 Solii
1049 2285 1229 2417 Regalis
1264 2285 1595 2387 Definitioncm

331 2425 464 2525 facile
489 2423 615 2524 nobis
644 2425 694 2519 in
710 2427 919 2520 Mentem
944 2446 1133 2520 revocat.
1203 2423 1287 2554 Est
1310 2427 1478 2525 Solium
1512 2429 1598 2555 (in

331 2563 449 2694 quit)
476 2565 621 2660 veluti
648 2561 922 2658 Armorium
959 2561 1011 2659 de
1043 2597 1126 2658 uno
1159 2563 1310 2700 Ligno
1338 2565 1405 2662 ad
1430 2568 1598 2700 Regum

331 2698 530 2799 Tutelam
541 2697 742 2834 sotium,
754 2695 998 2831 secuudum
1014 2699 1167 2798 aliosa
1180 2701 1598 2802 Soliditateditium

331 2839 409 2934 vul
421 2837 675 2970 (secuudum
698 2833 947 2991 Asperum)
982 2836 1099 3064 pald
1115 2838 1253 2964 firlum
1273 2877 1411 2938 unum
1428 2851 1594 2974 capiat.

333 2968 436 3066 Nifi
458 2971 604 3068 forsan
625 2969 770 3066 solidrs
796 2971 886 3066 istis
908 2976 987 3066 ‘Se
1003 2970 1054 3066 lis
1077 2970 1273 3068 nostram
1300 2973 1446 3106 potitis
1471 3011 1596 3073 com-

334 3139 500 3238 ponere
509 3141 589 3238 par
603 3103 723 3221 effet,
738 3107 788 3199 in
798 3107 958 3234 quibus
969 3104 1080 3200 olim
1094 3106 1303 3203 sedebant
1319 3108 1596 3240 Auspiciade

334 3241 465 3340 Coelo
487 3263 712 3374 captantes
730 3281 744 3360 ;
782 3239 852 3338 vel
869 3276 967 3374 quae
985 3250 998 3298 r
1016 3239 1254 3341 ¹Pontificis
1276 3248 1467 3345 maximi
1484 3247 1597 3346 Usui

381 3431 395 3462 ⁸
421 3419 507 3494 Plut.
525 3421 615 3519 apud
633 3417 848 3492 Chimentell.
868 3421 994 3492 Marm.
1010 3419 1074 3510 Pis.
1100 3446 1134 3518 p.
1153 3443 1231 3508 141.

383 3517 397 3556 l
422 3520 548 3594 Athen.
572 3519 593 3589 l.
611 3539 643 3607 5.
670 3542 699 3589 c.
714 3516 746 3588 6.
801 3518 904 3613 Opiros
918 3521 1003 3607 μόνον
1018 3521 1178 3612 ἐλευθέριον
1194 3519 1360 3616 Καθέὃςαν
1386 3535 1496 3595 vocat.

383 3623 395 3652 ‘
419 3629 575 3704 xprotro
593 3623 641 3684 ἰπὶ
656 3628 811 3706 Κλισμοΐσι
836 3613 965 3710 κάθιζον.
993 3613 1110 3686 ¹Iliad·
1130 3628 1169 3686 Θ.
1195 3613 1279 3705 436.

384 3803 397 3844 Ι
421 3715 525 3874 'stirias
541 3707 718 3876 izovlovuuloi
733 3711 868 3874 ἒῑμὲς
885 3739 920 3890 3
935 3707 1042 3876 elegius
1058 3738 1100 3782 rr.
1151 3709 1270 3808 Odyff.
1288 3709 1333 3786 K.

382 3911 395 3938 ⁹
419 3824 895 3972 ViiillliselibmliigiSolidjbc
919 3831 1047 3972 'Silenib
1063 3901 1203 3995 surgere.
1230 3901 1332 3974 Sellas
1346 3901 1389 3974 ab
1410 3899 1619 3998 suspicante·

337 3995 502 4093 usurpatas
525 3992 602 4066 ideo
628 3992 744 4066 solidus
768 3991 859 4066 fuiss'e
885 3995 1069 4092 conjicitur,
1095 4023 1136 4068 ne
1163 3997 1249 4070 forte
1276 3997 1355 4094 quid
1384 3998 1419 4070 in
1435 3995 1593 4090 sedendo,

282 4132 289 4143 ·
339 4110 399 4166 aut
424 4094 508 4166 dum
534 4089 646 4164 sedere
663 4089 776 4176 vellet,
803 4090 909 4162 Motu
926 4087 1023 4163 Sella·
1050 4089 1214 4188 dejiceret,
1239 4093 1276 4164 δι
1300 4094 1446 4192 Strepitu
1462 4095 1595 4177 Vitium
1693 4149 1701 4164 .

340 4187 503 4302 Auspicio
518 4187 648 4299 faceret.
684 4186 815 4258 Dacier.
830 4188 915 4260 Not.
930 4187 965 4260 io
981 4189 1010 4260 F
1011 4187 1069 4265 est.
1086 4189 1214 4300 Silentia
1222 4185 1364 4301 surgere.

338 4281 932 4481 Infcrsspjupngppzsessaelljptyppp,
958 4285 1027 4360 vid.
1049 4287 1140 4386 apud
1157 4285 1307 4364 Histoire
1320 4287 1365 4364 de
1380 4286 1511 4362 l’Acui
1533 4287 1594 4361 cles

1345 4481 1595 4585 solennibus
