4100 5372
939 401 1171 562 [22]

420 615 532 734 pote
561 627 660 728 quae
683 595 855 731 (praeter
880 589 969 692 hoc
992 594 1237 720 Χαριςήριον)
1264 589 1564 730 baud-paucas
1586 601 1680 700 mel

421 735 543 832 lioris
583 741 713 833 Notae
754 739 939 850 Statuas,
993 767 1100 830 cum
1139 731 1387 867 Capitibus,
1436 735 1679 863 Altaribus,

423 869 726 1008 Sarcophagis,
738 881 822 968 bec.
842 869 1113 989 continebat,
1129 866 1487 968 Honoratiffimo
1504 881 1684 976 D·⁰Ba·
1760 943 1764 948 -

424 1017 525 1106 roni
562 1009 620 1108 de
654 1007 940 1142 Lempstena
975 1004 1217 1106 Norfolciae
1247 1008 1388 1104 Ducis
1423 1007 1554 1143 supra
1585 1049 1683 1112 me-

422 1149 587 1244 morati
610 1147 763 1246 vidus
796 1145 945 1280 postea
971 1142 1213 1263 divendita,
1250 1178 1373 1240 nunc
1396 1146 1445 1241 in
1467 1147 1572 1245 Filii
1594 1150 1686 1282 ejus

423 1281 676 1518 &piabilis
702 1293 771 1386 Dr
790 1281 977 1384 Comitis
1009 1281 1068 1381 de
1098 1283 1303 1419 Pomfret
1334 1281 1536 1382 Cimeliis
1570 1321 1682 1384 con-

492 1563 617 1656 Cum
652 1563 803 1691 itaque
834 1564 1063 1685 anrrn'pm
1093 1555 1297 1664 nostrum
1338 1560 1534 1696 Smyrnd
1547 1542 1684 1690 ante-J

425 1695 540 1792 tiore
563 1694 728 1793 Saeculo
747 1695 1038 1795 Authoritrte
1055 1692 1154 1794 satis
1178 1696 1396 1830 probabili
1417 1702 1582 1796 muniti
1605 1701 1685 1799 de-

424 1830 699 1951 duxerimus,
736 1871 818 1932 cur
840 1835 997 1933 nonin
1021 1832 1108 1934 haic
1124 1829 1216 1967 ipsi
1239 1834 1360 1932 Urbe
1377 1838 1586 1968 primitus
1605 1836 1686 1954 def
1819 1867 1823 1874 ’

424 1963 620 2100 pofiturn
666 1966 808 2071 fuisse·
833 1969 1114 2072 statuamus?
1169 1967 1294 2098 isidis
1335 1976 1457 2072 enim
1493 1971 1689 2072 Cultum

422 2139 516 2203 non
545 2109 724 2212 tantum
751 2112 801 2208 in
815 2108 1125 2244 AEthiopiam·
1156 2117 1202 2208 bs
1227 2111 1423 2232 Indiam,
1460 2108 1690 2208 sedetiam

426 2245 474 2339 in
496 2240 611 2340 Afiae
642 2249 831 2340 Minoris
867 2251 981 2338 Oras
1006 2247 1204 2340 victricia
1226 2245 1415 2338 Osiridis
1438 2255 1585 2339 Arma
1619 2250 1691 2340 in-

428 2377 575 2477 tulisse
606 2380 843 2498 videntur3
886 2377 1028 2473 Urbes
1056 2375 1232 2508 insuper
1262 2379 1511 2498 maritima,
1547 2379 1690 2511 qualis

429 2513 518 2614 fuit
545 2523 778 2648 ¹'Smyma
797 2513 914 2613 hanc
933 2511 1224 2647 Religionem
1237 2547 1264 2608 a
1278 2508 1548 2612 Phoenieum
1566 2523 1692 2616 Met-

430 2653 650 2750 catoribus
671 2659 921 2748 Annonam
938 2687 992 2746 ex
1013 2657 1051 2746 E
1116 2675 1195 2781 pto
1216 2650 1264 2744 in
1283 2675 1433 2776 toturn
1459 2649 1553 2752 sere
1576 2656 1692 2778 Ter·¹

432 2823 585 2884 rarum
624 2787 797 2884 Orbem
833 2790 1085 2922 deportanti
1116 2823 1167 2886 us
1189 2785 1411 2918 accepisse
1450 2814 1690 2922 poterantr

341 3023 344 3030 ,
433 2933 720 3060 Qrocunque
743 2926 844 3025 verb
867 2925 924 3022 de
951 2929 1096 3022 Fonte
1120 2917 1215 3020 haee
1245 2923 1501 3058 Superstitio
1531 2929 1581 3023 in
1604 2933 1693 3028 Po-

428 3062 591 3198 pulum
629 3060 945 3198 Smyrnensem
975 3057 1240 3182 defluxerat,
1285 3065 1462 3161 certrim
1499 3061 1564 3162 est
1603 3061 1694 3163 lsm

428 3207 539 3298 cum
562 3197 747 3298 Nemesr
765 3201 1071 3334 conjunftam,
1107 3224 1327 3334 tanquam
1349 3202 1579 3334 geminam
1602 3206 1694 3298 Ur-

429 3337 494 3434 bis
507 3340 739 3459 Tutelam,
776 3342 826 3436 in
842 3341 1036 3472 antiquis
1052 3333 1412 3470 Smyrnensrume
1431 3337 1695 3434 Numisma·

432 3479 488 3571 tis
511 3473 720 3572 exhiberi.
791 3478 1054 3608 Qrinetiam
1077 3470 1328 3607 Templum
1348 3467 1424 3568 hic
1446 3469 1558 3568 olim
1577 3471 1696 3572 hanc

433 3617 582 3717 Deam
607 3608 805 3711 habuisse
828 3609 1015 3732 constat,
1052 3612 1101 3706 in
1130 3645 1223 3742 quo
1258 3607 1329 3706 Illi
1356 3645 1409 3708 ac
1433 3611 1631 3744 Serapidi
1652 3610 1695 3710 se

434 3745 657 3846 Sacrificio
679 3747 885 3850 obtulifl'e
903 3746 1062 3848 diserte}
1080 3748 1215 3846 tradit
1234 3745 1471 3846 Aristidesd
1489 3747 1676 3848 Rhetor.

484 3988 496 4016 ¹
522 3981 602 4053 vid.
621 3980 807 4054 Fontenell.
825 3979 957 4052 Dissert.
974 3979 1123 4054 Histoire
1139 3981 1182 4052 de
1198 3968 1330 4053 l⁵Aead.
1344 3979 1404 4052 des
1419 3979 1566 4082 Inscript.
1579 3981 1646 4055 vol.
1662 4001 1696 4074 5.

484 4073 497 4112 ⁸
516 4077 676 4148 'narsa'm
688 4101 712 4150 'a
725 4078 934 4150 *Callimacho
950 4076 1049 4168 duta,
1076 4080 1162 4155 Not.
1182 4077 1215 4148 ln
1232 4079 1341 4172 Hym.
1356 4076 1455 4152 Dian.

482 4181 495 4209 ²
521 4169 599 4243 Vid.
622 4171 727 4271 Parin.
754 4163 786 4272 pf
799 4197 834 4266 15.
861 4175 894 4246 δι
914 4195 993 4270 290.
1021 4199 1151 4247 necnon
1173 4171 1378 4250 Numism.a
1405 4174 1457 4250 Cl.
1476 4175 1595 4248 Meodo
1620 4190 1699 4271 pro-

442 4269 507 4341 lata
523 4269 557 4338 in
574 4267 703 4340 Dissert.
723 4271 766 4341 de
783 4273 889 4343 Num.
908 4269 1058 4368 quibusd.
1087 4272 1149 4343 &a

333 4373 338 4378 '
482 4366 496 4462 ff
520 4365 616 4440 Orat.
633 4365 704 4441 Sao,
723 4389 756 4462 3.
783 4371 890 4444 Tom.
909 4393 938 4441 r.
964 4393 999 4466 p.
1014 4390 1096 4470 320·
1124 4366 1192 4444 Ed.
1210 4365 1285 4462 Jeb.

1592 4429 1702 4569 'Hoc
